<?xml version="1.0" encoding="UTF-8"?><collection xmlns="http://www.loc.gov/MARC21/slim"><record><leader>00555nam--2200169-i-4500</leader><controlfield tag="001">000018528</controlfield><controlfield tag="002">20161230</controlfield><controlfield tag="005">20161230201032</controlfield><controlfield tag="008">060222s1000------------r-----000-0-eng-d</controlfield><datafield ind1=" " ind2=" " tag="040"><subfield code="a">IFIN-HH</subfield></datafield><datafield ind1=" " ind2=" " tag="080"><subfield code="a">593.143.2</subfield></datafield><datafield ind1="1" ind2=" " tag="100"><subfield code="a">Duckworth, H.E</subfield></datafield><datafield ind1="1" ind2="0" tag="245"><subfield code="a">Nuclidic masses</subfield><subfield code="b">Proceedings of the international conference on nuclidic masses. mcmaster univesity, hamilton, september 12-16, 1960</subfield><subfield code="c">H.e. duckworth (ed.)</subfield></datafield><datafield ind1=" " ind2=" " tag="260"><subfield code="a">Toronto</subfield><subfield code="b">University Of Toronto Press</subfield><subfield code="c">1960</subfield></datafield><datafield ind1=" " ind2=" " tag="300"><subfield code="a">XI + 539 P</subfield></datafield><datafield ind1=" " ind2=" " tag="852"><subfield code="a">17653</subfield><subfield code="c">539.14</subfield></datafield><datafield ind1=" " ind2=" " tag="CAT"><subfield code="a">Sys</subfield><subfield code="c">20120323</subfield><subfield code="h">093635</subfield></datafield></record></collection>